@misc{__2017, title={Opportunistic Security in MPLS Networks}, url={https://tools.ietf.org/html/draft-ietf-mpls-opportunistic-encrypt-03}, journal={IETF Tools}, author={Stephen Farrel and Adrian Farrel}, year={2017}, month={Mar}}


@article{grayson_guernsey_butts_spainhower_shenoi_2009, title={Analysis of security threats to MPLS virtual private networks}, volume={2}, DOI={10.1016/j.ijcip.2009.08.002}, number={4}, journal={International Journal of Critical Infrastructure Protection}, author={Grayson, Denise and Guernsey, Daniel and Butts, Jonathan and Spainhower, Michael and Shenoi, Sujeet}, year={2009}, pages={146–153}}

@article{davie_farrel_2008, title={MPLS Security}, DOI={10.1016/b978-0-12-374400-5.00011-4}, journal={MPLS: Next Steps}, author={Davie, Bruce S. and Farrel, Adrian}, year={2008}, pages={343–350}}

@article{2010, title={Security Framework for MPLS and GMPLS Networks}, DOI={10.17487/rfc5920}, year={2010}}

@article{bănuță_2012, title={Security Technologies Implemented in MPLS VPN Networks}, volume={1}, DOI={10.19107/ijisc.2012.02.01}, number={2}, journal={International Journal of Information Security and Cybercrime}, author={Bănuță, Bogdan Alexandru}, year={2012}, pages={9–16}}

@article{behringer_2006, title={Analysis of the Security of BGP/MPLS IP Virtual Private Networks (VPNs)}, DOI={10.17487/rfc4381}, author={Behringer, M.}, year={2006}}

@article{palmieri_fiore_2007, title={Enhanced Security Strategies for MPLS Signaling}, volume={2}, DOI={10.4304/jnw.2.5.1-13}, number={5}, journal={Journal of Networks}, author={Palmieri, Francesco and Fiore, Ugo}, year={2007}, month={Jan}}

@article{shirazi_asim_irfan_ikram_2010, title={MPLS Unleashed: Remedy Using IPSEC over MPLS VPN}, DOI={10.1007/978-3-642-13365-7_24}, journal={Communications in Computer and Information Science Information Security and Assurance}, author={Shirazi, Syed Noor-Ul-Hassan and Asim, Muhammad and Irfan, Muhammad and Ikram, Nassar}, year={2010}, pages={241–248}}

@article{2005, title={Routing Protocols}, DOI={10.1002/0470867418.ch5}, journal={Designing and Developing Scalable IP Networks}, year={2005}, month={Jan}, pages={49–69}}

@article{2008, title={IP Routing}, DOI={10.1002/9780470377833.ch14}, journal={TCP/IP Architecture, Design, and Implementation in Linux}, year={2008}, pages={499–589}}

@article{farrel_2004, title={Multiprotocol Label Switching (MPLS)}, DOI={10.1016/b978-155860913-6.50029-7}, journal={The Internet and Its Protocols}, author={Farrel, Adrian}, year={2004}, pages={385–490}}

@misc{ title={Security Framework for MPLS and GMPLS Networks}, url={https://tools.ietf.org/html/rfc5920}, journal={IETF Tools}}

@article{jeong_park_park_seo_han_jung_2016, title={Implementation of MACsec Adapter for Layer 2 Security}, volume={20}, DOI={10.6109/jkiice.2016.20.5.972}, number={5}, journal={Journal of the Korea Institute of Information and Communication Engineering}, author={Jeong, Nahk-Ju and Park, Byung-Don and Park, Han-Su and Seo, Jong-Kyoun and Han, Ki-Cheon and Jung, Hoe-Kyung}, year={2016}, pages={972–978}}

@article{ title={Diffie-Hellman Key Agreement}, DOI={10.1007/springerreference_214}, journal={SpringerReference}}

@article{rescorla_1999, title={Diffie-Hellman Key Agreement Method}, DOI={10.17487/rfc2631}, author={Rescorla, E.}, year={1999}}

@article{just, title={Diffie–Hellman Key Agreement}, DOI={10.1007/0-387-23483-7_111}, journal={Encyclopedia of Cryptography and Security}, author={Just, Mike}, pages={154–154}}

@article{robertazzi_2011, title={Advanced Encryption Standard (AES)}, DOI={10.1007/978-1-4614-2104-7_10}, journal={Basics of Computer Networking}, author={Robertazzi, Thomas}, year={2011}, month={Mar}, pages={73–77}}

@article{denis_johnson_2007, title={Advanced Encryption Standard}, DOI={10.1016/b978-159749104-4/50007-8}, journal={Cryptography for Developers}, author={Denis, Tom St and Johnson, Simon}, year={2007}, pages={139–202}}

@misc{team, title={Mininet}, url={http://mininet.org/}, journal={Mininet}, author={Team, Mininet}}

@online{OVS,
  title = {Production Quality, Multilayer Open Virtual Switch},
  year = 2016,
  url = {https://www.openvswitch.org/},
  urldate = {2018-08-30}
}

@article{2016, title={2. OpenFlow}, DOI={10.1515/9783110451870-003}, journal={Software Defined Networking}, year={2016}}

@misc{skbuff1,url={http://vger.kernel.org/~davem/skb_data.html}, journal={How SKBs work}}

@misc{skbuff2,title={Management of sk buffs - people.cs.clemson.edu}, url={https://people.cs.clemson.edu/~westall/853/notes/skbuff.pdf}}

@misc{__2014, title={MPLS Generic Associated Channel (G-ACh) Advertisement Protocol}, url={https://tools.ietf.org/html/rfc7212}, journal={IETF Tools}, author={S. Bryant and M. Bocci}, year={2014}, month={Jun}}

@misc{___2009, title={MPLS Generic Associated Channel}, url={https://tools.ietf.org/html/rfc5586}, journal={IETF Tools}, author={M. Bocci, Ed and M. Vigoureux, Ed and S. Bryant, Ed}, year={2009}, month={Jun}}

@inproceedings{de2014using,
  title={Using mininet for emulation and prototyping software-defined networks},
  author={De Oliveira, Rog{\'e}rio Le{\~a}o Santos and Shinoda, Ailton Akira and Schweitzer, Christiane Marie and Prete, Ligia Rodrigues},
  booktitle={Communications and Computing (COLCOM), 2014 IEEE Colombian Conference on},
  pages={1--6},
  year={2014},
  organization={IEEE}
}

@online{OVSMail2,
  title = {[ovs-discuss] Error when popping mpls tag from vlan tagged	packet},
  year = 2016,
  url = {https://mail.openvswitch.org/pipermail/ovs-discuss/2016-April/040813.html},
  urldate = {2016-04-20}
}

@techreport{rfc8446 ,
   AUTHOR = "E. Rescorla",
   TITLE = "{The Transport Layer Security (TLS) Protocol Version 1.3
}",
ISSN= 2070-1721
   NUMBER=8446,
   PAGES = {1-160},
   YEAR = {2018},
   MONTH = {August},
   URL={https://tools.ietf.org/html/rfc8446 }
   }